<record><leader>00000cas a2200000Ma 4500</leader><controlfield tag="001">228697832</controlfield><controlfield tag="008">951002d19uu19uucauwr ne      0    0eng  </controlfield><datafield ind1=" " ind2=" " tag="010"><subfield code="a">sn 94095747 </subfield></datafield><datafield ind1=" " ind2=" " tag="040"><subfield code="a">DLC</subfield><subfield code="b">eng</subfield><subfield code="c">HUV</subfield><subfield code="d">OCLCQ</subfield><subfield code="d">OCLCF</subfield><subfield code="d">OCLCO</subfield></datafield><datafield ind1=" " ind2=" " tag="019"><subfield code="a">1776624</subfield></datafield><datafield ind1=" " ind2=" " tag="043"><subfield code="a">n-us-ca</subfield></datafield><datafield ind1="0" ind2=" " tag="130"><subfield code="a">National voice (Los Angeles, Calif.)</subfield></datafield><datafield ind1="1" ind2="4" tag="245"><subfield code="a">The national voice.</subfield></datafield><datafield ind1="1" ind2="3" tag="246"><subfield code="a">California voice</subfield><subfield code="f">v. 1-66, 1879-Jan. 1937?</subfield></datafield><datafield ind1=" " ind2=" " tag="260"><subfield code="a">Los Angeles, Calif. :</subfield><subfield code="b">Ethel G. Hubler</subfield></datafield><datafield ind1=" " ind2=" " tag="300"><subfield code="a">v. :</subfield><subfield code="b">ill. ;</subfield><subfield code="c">38 cm.</subfield></datafield><datafield ind1=" " ind2=" " tag="310"><subfield code="a">Weekly</subfield></datafield><datafield ind1=" " ind2=" " tag="500"><subfield code="a">"The oldest dry weekly in America."</subfield></datafield><datafield ind1=" " ind2=" " tag="500"><subfield code="a">A temperance weekly.</subfield></datafield><datafield ind1="3" ind2=" " tag="510"><subfield code="a">ULS</subfield></datafield><datafield ind1="3" ind2=" " tag="510"><subfield code="a">Ayres</subfield></datafield><datafield ind1=" " ind2=" " tag="588"><subfield code="a">Description based on: Vol. 65, no. 16 (Apr. 18, 1935).</subfield></datafield><datafield ind1=" " ind2="0" tag="650"><subfield code="a">Alcoholism</subfield><subfield code="z">California</subfield><subfield code="v">Newspapers.</subfield></datafield><datafield ind1=" " ind2="0" tag="651"><subfield code="a">Los Angeles (Calif.)</subfield><subfield code="v">Newspapers.</subfield></datafield><datafield ind1=" " ind2="7" tag="655"><subfield code="a">Newspapers.</subfield><subfield code="2">fast</subfield><subfield code="0">(OCoLC)fst01423814</subfield></datafield><datafield ind1=" " ind2="7" tag="650"><subfield code="a">Alcoholism.</subfield><subfield code="2">fast</subfield><subfield code="0">(OCoLC)fst00804461</subfield></datafield><datafield ind1=" " ind2="7" tag="651"><subfield code="a">California.</subfield><subfield code="2">fast</subfield><subfield code="0">(OCoLC)fst01204928</subfield></datafield><datafield ind1=" " ind2="7" tag="651"><subfield code="a">California</subfield><subfield code="z">Los Angeles.</subfield><subfield code="2">fast</subfield><subfield code="0">(OCoLC)fst01204540</subfield></datafield><datafield ind1="0" ind2="0" tag="780"><subfield code="t">California voice</subfield></datafield></record>